@inproceedings{baker90,
  author =       {T.P. Baker},
  title =        {A stack-based resource allocation policy for realtime
                  processes},
  booktitle =    {[1990] Proceedings 11th Real-Time Systems Symposium},
  year =         1990,
  doi =          {10.1109/real.1990.128747},
  url =          {https://doi.org/10.1109/real.1990.128747},
  DATE_ADDED =   {Fri Jan 22 15:37:27 2021},
}
@online{rtic,
author = {{RTIC developers}},
title = {{RTIC: Real-Time Interrupt-driven Concurrency}},
subtitle = {A concurrency framework for building real-time systems},
url = {https://rtic.rs},
urldate = {2021-01-22},
}
@online{probe-rs,
author = {{probe-rs developers}},
title = {probe-rs},
subtitle = {a modern, embedded debugging toolkit, written in Rust},
url = {https://probe.rs},
urldate = {2021-01-23},
}
@manual{nucleo-rm,
title = {RM0368 Reference manual},
subtitle = {STM32F401xB/C and STM32F401xD/E advanced ARM-based 32-bit MCUs},
author = {{STMicroelectronics}},
date = {December 2018},
version = {Rev 5},
url = {https://www.st.com/resource/en/reference_manual/dm00096844-stm32f401xb-c-and-stm32f401xd-e-advanced-arm-based-32-bit-mcus-stmicroelectronics.pdf},
urldate = {2021-02-17},
}
@manual{arm-rm,
title = {ARMv7-M Architecture Reference Manual},
author = {{ARM}},
date = {2018-06-29},
version = {Eight release},
note = {ARM DDI 0403E.d (ID070218)},
location = {Cambridge, England},
url = {https://developer.arm.com/documentation/ddi0403/ed/},
urldate = {2021-02-17},
}
@manual{arm-cortex-m4-trm,
title = {Arm Cortex-M4 Processor},
subtitle = {Technical Reference Manual},
author = {{ARM}},
version = {Revision: r0p1},
note = {100166\_0001\_04\_en},
date = {2020-05-15},
location = {Cambridge, England},
url = {https://developer.arm.com/documentation/100166/0001},
urldate = {2021-02-17},
}

@manual{arm-cortex-learn,
title = {Understanding Trace},
author = {{ARM}},
version = {version: 2.0},
note = {102119\_0200\_00},
year = {2020},
url = {https://documentation-service.arm.com/static/601d64b2d3a18035d13aa72e?token=},
urldate = {2021-09-13},
}

@book{franklin,
title = "Feedback Control of Dynamic Systems",
author = {Gene F. Franklin, J. David Powell, Abbas Emami-Naeini},
year = 2015,
publisher = "Pearson",
note = "seventh edition",
isbn = "978-1-29-206890-9",
}